@article{zhangkun1994,
  author     = {张昆 and 冯立群 and 余昌钰 and others},
  title      = {机器人柔性手腕的球面齿轮设计研究},
  journal    = {清华大学学报: 自然科学版},
  volume     = {34},
  number     = {2},
  pages      = {1--7},
  year       = {1994},
  key        = {zhang1 kun1},
}

@book{zhukezhen1973,
  author     = {竺可桢},
  title      = {物理学论},
  address    = {北京},
  publisher  = {科学出版社},
  year       = {1973},
  pages      = {56--60},
  key        = {zhu2 ke3 zhen1},
}

@inproceedings{dupont1974bone,
  author     = {Dupont, B},
  title      = {Bone marrow transplantation in severe combined immunodeficiency with an unrelated MLC compatible donor},
  editor     = {White, H J and Smith, R},
  booktitle  = {Proceedings of the third annual meeting of the International Society for Experimental Hematology},
  address    = {Houston},
  publisher  = {International Society for Experimental Hematology},
  year       = {1974},
  pages      = {44--46},
}

@mastersthesis{zhengkaiqing1987,
  author     = {郑开青},
  title      = {通讯系统模拟及软件},
  address    = {北京},
  school     = {清华大学无线电系},
  year       = {1987},
  key        = {zheng4 kai1 qing1},
}

@patent{jiangxizhou1980,
  author     = {姜锡洲},
  title      = {一种温热外敷药制备方案: 中国, 88105607.3},
  date       = {1980-07-26},
  key        = {jiang1 xi1 zhou1},
}

@standard{jianduju1994,
  author     = {中华人民共和国国家技术监督局},
  title      = {GB3100-3102. 中华人民共和国国家标准-量与单位},
  address    = {北京},
  publisher  = {中国标准出版社},
  year       = {1994},
  key        = {zhong1 hua2 ren2 min2 gong4 he2 guo2},
}

@article{merkt1995rotational,
  author     = {Merkt, Fr{\'e}d{\'e}ric and Mackenzie, S R and Softley, Timothy P},
  title      = {Rotational Autoionization Dynamics in High Rydberg States of Nitrogen},
  journal    = {J Chem Phys},
  year       = {1995},
  volume     = {103},
  pages      = {4509--4518},
}

@article{mellinger1996laser,
  author     = {Mellinger, A and Vidal, C R and Jungen, {Ch}},
  title      = {Laser reduced fluorescence study of the carbon monoxide nd triplet Rydberg series - Experimental results and multichannel quantum defect analysis},
  journal    = {J Chem Phys},
  year       = {1996},
  volume     = {104},
  pages      = {8913--8921},
}

@article{bixon1996dynamics,
  author     = {Bixon, M and Jortner, Joshua},
  title      = {The dynamics of predissociating high {Rydberg} states of {NO}},
  journal    = {J Chem Phys},
  year       = {1996},
  volume     = {105},
  pages      = {1363--1382},
}

@article{mahui1995,
  author     = {马辉 and 李俭 and 刘耀明 and others},
  title      = {利用 {REMPI} 方法测量 {BaF} 高里德堡系列光谱},
  journal    = {化学物理学报},
  year       = {1995},
  volume     = {8},
  pages      = {308--311},
  key        = {ma3 hui1},
}

@article{carlson1981two,
  author     = {Carlson, N W and Taylor, A J and Jones, K M and Schawlow, A L},
  title      = {Two-step polarization-labeling spectroscopy of excited states of {Na2}},
  journal    = {Phys Rev A},
  year       = {1981},
  volume     = {24},
  pages      = {822--834},
}

@article{taylor1983scanning,
  author     = {Taylor, A J and Jones, K M and Schawlow, A L},
  title      = {Scanning pulsed-polarization spectrometer applied to {Na2}},
  journal    = {J Opt Soc Am},
  year       = {1983},
  volume     = {73},
  pages      = {994--998},
}

@article{taylor1981study,
  author     = {Taylor, A J and Jones, K M and Schawlow, A L},
  title      = {A study of the excited {1$\Sigma$g+} states in {Na2}},
  journal    = {Opt Commun},
  year       = {1981},
  volume     = {39},
  pages      = {47--50},
}

@article{shimizu1983laser,
  author     = {Shimizu, Kazuko and Shimizu, Fujio},
  title      = {Laser induced fluorescence spectra of the a {3$\Pi$u--X 1$\Sigma$g+} band of {Na2} by molecular beam},
  journal    = {J Chem Phys},
  year       = {1983},
  volume     = {78},
  pages      = {1126--1131},
}

@article{atkinson1982experimental,
  author     = {Atkinson, J B and Becker, J and Demtr{\"o}der, W},
  title      = {Experimental observation of the a {3$\Pi$u} state of {Na2}},
  journal    = {Chem Phys Lett},
  year       = {1982},
  volume     = {87},
  pages      = {92--97},
}

@article{kusch1975perturbations,
  author     = {Kusch, P and Hessel, M M},
  title      = {Perturbations in the A {1$\Sigma$u+} state of {Na2}},
  journal    = {J Chem Phys},
  year       = {1975},
  volume     = {63},
  pages      = {4087--4088},
}

@book{guangxi1993,
  author     = {广西壮族自治区林业厅},
  title      = {广西自然保护区},
  address    = {北京},
  publisher  = {中国林业出版社},
  year       = {1993},
  key        = {guang3 xi1 zhuang4 zu2 zi4 zhi4 qu1},
}

@book{huosini1989guwu,
  author     = {霍斯尼},
  title      = {谷物科学与工艺学原理},
  translator = {李庆龙},
  edition    = {2},
  address    = {北京},
  publisher  = {中国食品出版社},
  year       = {1989},
  pages      = {15--20},
  key        = {huo4 si1 ni2},
}

@book{wangfuzhi1865songlun,
  author     = {王夫之},
  title      = {宋论},
  edition    = {刻本},
  address    = {金陵},
  publisher  = {曾氏},
  year       = {1865（清同治四年）},
  key        = {wang2 fu1 zhi1},
}

@book{zhaoyaodong1998xinshidai,
  author     = {赵耀东},
  title      = {新时代的工业工程师},
  address    = {台北},
  publisher  = {天下文化出版社},
  year       = {1998},
  urldate    = {1998-09-26},
  url        = {http://www.ie.nthu.edu.tw/info/ie.newie.htm},
  key        = {zhao4 yao4 dong1},
}

@standard{biaozhunhua2002tushu,
  author     = {全国信息与文献工作标准化技术委员会出版物格式分委员会},
  title      = {GB/T 12450-2001 图书书名页},
  address    = {北京},
  publisher  = {中国标准出版社},
  year       = {2002},
  key        = {quan2 guo2 xin4 xi1},
}

@book{chubanzhuanye2004,
  author     = {全国出版专业职业资格考试办公室},
  title      = {全国出版专业职业资格考试辅导教材: 出版专业理论与实务•中级},
  edition    = {2014},
  address    = {上海},
  publisher  = {上海辞书出版社},
  year       = {2004},
  pages      = {299--307},
  key        = {quan2 guo2 chu1 ban3 ye4},
}

@techreport{who1970factors,
  author     = {{World Health Organization}},
  title      = {Factors Regulating the Immune Response: Report of {WHO Scientific Group}},
  address    = {Geneva},
  publisher  = {WHO},
  year       = {1970},
}

@book{peebles2001probability,
  author     = {Peebles, Jr, Peyton Z.},
  title      = {Probability, Random Variables, and Random Signal Principles},
  edition    = {4},
  address    = {New York},
  publisher  = {McGraw Hill},
  year       = {2001},
}

@incollection{baishunong1998zhiwu,
  author     = {白书农},
  title      = {植物开花研究},
  editor     = {李承森},
  booktitle  = {植物科学进展},
  address    = {北京},
  publisher  = {高等教育出版社},
  year       = {1998},
  pages      = {146--163},
  key        = {bai2 shu1 nong2},
}

@incollection{weinstein1974pathogenic,
  author     = {Weinstein, L and Swertz, M N},
  title      = {Pathogenic Properties of Invading Microorganism},
  editor     = {Sodeman, Jr, William A and Sodeman, William A},
  booktitle  = {Pathologic physiology: mechanisms of disease},
  address    = {Philadelphia},
  publisher  = {Saunders},
  year       = {1974},
  pages      = {745--772},
}

@inproceedings{hanjiren1985lun,
  author     = {韩吉人},
  title      = {论职工教育的特点},
  editor     = {中国职工教育研究会},
  booktitle  = {职工教育研究论文集},
  address    = {北京},
  publisher  = {人民教育出版社},
  year       = {1985},
  pages      = {90--99},
  key        = {han2 ji2 ren2},
}

@periodical{dizhi1936dizhi,
  author     = {中国地质学会},
  title      = {地质评论},
  year       = {1936},
  volume     = {1},
  number     = {1},
  address    = {北京},
  publisher  = {地质出版社},
  key        = {zhong1 guo2 di4 zhi3 xue2 hui4},
}

@periodical{tushuguan1957tushuguanxue,
  author     = {中国图书馆学会},
  title      = {图书馆学通讯},
  year       = {1957/1990},
  number     = {1--4},
  address    = {北京},
  publisher  = {北京图书馆},
  key        = {zhong1 guo2 tu2 shu1 guan3 xue2 hui4},
}

@periodical{aaas1883science,
  author     = {{American Association for the Advancement of Science}},
  title      = {Science},
  year       = {1883},
  volume     = {1},
  number     = {1},
  address    = {Washington, D.C.},
  publisher  = {American Association for the Advancement of Science},
}

@newspaper{fugang2000fengsha,
  author     = {傅刚 and 赵承 and 李佳路},
  title      = {大风沙过后的思考},
  journal    = {北京青年报},
  date       = {2000-04-12},
  number     = {14},
  urldate    = {2002-03-06},
  url        = {http://www.bjyouth.com.cn/Bqb/20000412/B/4216%5ED0412B1401.htm},
  key        = {fu4 gang1},
}

@online{xiaoyu2001chubanye,
  author     = {萧钰},
  title      = {出版业信息化迈入快车道},
  year       = {2001},
  date       = {2001-12-19},
  urldate    = {2002-04-15},
  url        = {http://www.creader.com/news/20011219/200112190019.htm},
  key        = {xiao1 yu4},
}

@online{oclc2000about,
  author     = {{Online Computer Library Center, Inc}},
  title      = {About {OCLC}: History of Cooperation},
  year       = {2000},
  urldate    = {2000-01-08},
  url        = {http://www.oclc.org/about/cooperation.en.htm},
}

@software{scitor2000project,
  author     = {{Scitor Corporation}},
  title      = {Project scheduler},
  address    = {Sunnyvale, Calif.},
  publisher  = {Scitor Corporation},
  year       = {1983},
  medium     = {DK},
}

@inproceedings{BengioLCW09,
  author    = {Yoshua Bengio and
               J{\'{e}}r{\^{o}}me Louradour and
               Ronan Collobert and
               Jason Weston},
  title     = {Curriculum learning},
  booktitle = {ICML},
  pages     = {41--48},
  year      = {2009}
}

@inproceedings{dubey2018pairwise,
title={Pairwise Confusion for Fine-Grained Visual Classification},
author={Dubey, Abhimanyu and Gupta, Otkrist and {Guo Pei} and Raskar, Ramesh and Farrell, Ryan and Naik, Nikhil},
Booktitle={ECCV},
pages={71--88},
year={2018}}

@inproceedings{long2018conditional,
title={Conditional Adversarial Domain Adaptation},
author={{Long Mingsheng} and {Cao Zhangjie} and {Wang Jianmin} and Jordan, Michael I},
Booktitle={NeurIPS},
pages={1647--1657},
year={2018}}

@article{ben2010theory,
  title={A theory of learning from different domains},
  author={Ben-David, Shai and Blitzer, John and Crammer, Koby and Kulesza, Alex and Pereira, Fernando and Vaughan, Jennifer Wortman},
  journal={Machine Learning},
  volume={79},
  number={1-2},
  pages={151--175},
  year={2010},
  publisher={Springer}
}

@article{sankaranarayanan2018generate,
title={Generate to Adapt: Aligning Domains Using Generative Adversarial Networks},
author={Sankaranarayanan, Swami and Balaji, Yogesh and Castillo, Carlos and Chellappa, Rama},
journal={CVPR},
pages={8503--8512},
year={2018}}

@inproceedings{saito2018maximum,
title={Maximum Classifier Discrepancy for Unsupervised Domain Adaptation},
author={Saito, Kuniaki and Watanabe, Kohei and Ushiku, Yoshitaka and Harada, Tatsuya},
booktitle={CVPR},
pages={3723--3732},
year={2018}}

@inproceedings{tzeng2017adversarial,
title={Adversarial Discriminative Domain Adaptation},
author={Tzeng, Eric and Hoffman, Judy and Saenko, Kate and Darrell, Trevor},
booktitle={CVPR},
pages={2962--2971},
year={2017}}

@inproceedings{dubey2018maximum-entropy,
title={Maximum-Entropy Fine Grained Classification},
author={Dubey, Abhimanyu and Gupta, Otkrist and Raskar, Ramesh and Naik, Nikhil},
booktitle={NeurIPS},
pages={635--645},
year={2018}}

@inproceedings{miyato2018cgans,
  title={cGANs with projection discriminator},
  author={Miyato, Takeru and Koyama, Masanori},
  booktitle={ICLR},
  year={2018}
}



@inproceedings{szegedy2016rethinking,
title={Rethinking the Inception Architecture for Computer Vision},
author={Szegedy, Christian and Vanhoucke, Vincent and Ioffe, Sergey and Shlens, Jonathon and Wojna, Zbigniew},
booktitle={CVPR},
pages={2818--2826},
year={2016}}


@inproceedings{wang2017spatiotemporal,
  title={Spatiotemporal Pyramid Network for Video Action Recognition.},
  author={{Wang Yunbo} and {Long Mingsheng} and {Wang Jianmin} and Philip, S Yu},
  booktitle={CVPR},
  volume={6},
  pages={7},
  year={2017}
}

@inproceedings{Goodfellow2014Generative,
  Author = {Goodfellow, Ian J. and Pougetabadie, Jean and Mirza, Mehdi and Xu, Bing and Wardefarley, David and Ozair, Sherjil and Courville, Aaron and Bengio, Yoshua},
  booktitle = {NeurIPS},
  Pages = {2672-2680},
  Title = {Generative Adversarial Networks},
  Year = {2014}
}
  
@inproceedings{Denton2015Deep,
  Author = {Denton, Emily L and Chintala, Soumith and Fergus, Rob and others},
  Booktitle = {NeurIPS},
  Date-Modified = {2017-02-18 08:10:50 +0000},
  Pages = {1486--1494},
  Title = {Deep Generative Image Models using a Laplacian Pyramid of Adversarial Networks},
  Year = {2015}
}


% datasets
@article{wah2011caltech,
  title={The caltech-ucsd birds-200-2011 dataset},
  author={Wah, Catherine and Branson, Steve and Welinder, Peter and Perona, Pietro and Belongie, Serge},
  year={2011},
  publisher={California Institute of Technology}
}

@article{welinder2010caltech,
  title={Caltech-UCSD birds 200},
  author={Welinder, Peter and Branson, Steve and Mita, Takeshi and Wah, Catherine and Schroff, Florian and Belongie, Serge and Perona, Pietro},
  year={2010},
  publisher={California Institute of Technology}
}

@inproceedings{NABirds,
  title={Building a bird recognition app and large scale dataset with citizen scientists: The fine print in fine-grained dataset collection},
  author={Van Horn, Grant and Branson, Steve and Farrell, Ryan and Haber, Scott and Barry, Jessie and Ipeirotis, Panos and Perona, Pietro and Belongie, Serge},
  booktitle={CVPR},
  pages={595--604},
  year={2015}
}

@inproceedings{van2018inaturalist,
  title={The inaturalist species classification and detection dataset},
  author={Van Horn, Grant and Mac Aodha, Oisin and Song, Yang and Cui, Yin and Sun, Chen and Shepard, Alex and Adam, Hartwig and Perona, Pietro and Belongie, Serge},
  booktitle={CVPR},
  pages={8769--8778},
  year={2018}
}


@inproceedings{standforddog,
  title={Novel dataset for fine-grained image categorization: Stanford dogs},
  author={Khosla, Aditya and Jayadevaprakash, Nityananda and Yao, Bangpeng and Li, Fei-Fei},
  booktitle={CVPR Workshops},
  volume={2},
  pages={1},
  year={2011}
}

@inproceedings{liu2012dog,
  title={Dog breed classification using part localization},
  author={{Liu Jiongxin} and Kanazawa, Angjoo and Jacobs, David and Belhumeur, Peter},
  booktitle={ECCV},
  pages={172--185},
  year={2012},
}

@inproceedings{nilsback2006flower,
  title={A visual vocabulary for flower classification},
  author={Nilsback, M-E and Zisserman, Andrew},
  booktitle={CVPR},
  volume={2},
  pages={1447--1454},
  year={2006},
}

@inproceedings{angelova2013flower,
  title={Image segmentation for large-scale subcategory flower recognition},
  author={Angelova, Anelia and {Zhu Shenghuo} and {Lin Yuanqing}},
  booktitle={WACV Workshops},
  pages={39--45},
  year={2013},
}

@inproceedings{vedaldi2014air,
  title={Understanding objects in detail with fine-grained attributes},
  author={Vedaldi, Andrea and Mahendran, Siddharth and Tsogkas, Stavros and Maji, Subhransu and Girshick, Ross and Kannala, Juho and Rahtu, Esa and Kokkinos, Iasonas and Blaschko, Matthew B and Weiss, David and others},
  booktitle={CVPR},
  pages={3622--3629},
  year={2014}
}

@article{maji2013air,
  title={Fine-grained visual classification of aircraft},
  author={Maji, Subhransu and Rahtu, Esa and Kannala, Juho and Blaschko, Matthew and Vedaldi, Andrea},
  journal={arXiv preprint arXiv:1306.5151},
  year={2013}
}

@article{stark2011car,
  title={Fine-grained categorization for 3d scene understanding},
  author={Stark, Michael and Krause, Jonathan and Pepik, Bojan and Meger, David and Little, James J and Schiele, Bernt and Koller, Daphne},
  journal={International Journal of Robotics Research},
  volume={30},
  number={13},
  pages={1543--1552},
  year={2011}
}

@inproceedings{krause20133dcar,
  title={3d object representations for fine-grained categorization},
  author={Krause, Jonathan and Stark, Michael and Deng, Jia and Fei-Fei, Li},
  booktitle={CVPR Workshops},
  pages={554--561},
  year={2013}
}

@inproceedings{lin2014jointlycar,
  title={Jointly optimizing 3d model fitting and fine-grained classification},
  author={{Lin Yenliang} and Morariu, Vlad I and Hsu, Winston and Davis, Larry S},
  booktitle={ECCV},
  pages={466--480},
  year={2014},
}

@inproceedings{yang2015largecar,
  title={A large-scale car dataset for fine-grained categorization and verification},
  author={{Yang Linjie} and {Luo Ping} and Change Loy, Chen and {Tang Xiaoou}},
  booktitle={CVPR},
  pages={3973--3981},
  year={2015}
}

@inproceedings{bossard2014food,
  title={Food-101--mining discriminative components with random forests},
  author={Bossard, Lukas and Guillaumin, Matthieu and Van Gool, Luc},
  booktitle={ECCV},
  pages={446--461},
  year={2014},
}

@article{russakovsky2015imagenet,
  title={Imagenet large scale visual recognition challenge},
  author={Russakovsky, Olga and Deng, Jia and Su, Hao and Krause, Jonathan and Satheesh, Sanjeev and Ma, Sean and Huang, Zhiheng and Karpathy, Andrej and Khosla, Aditya and Bernstein, Michael and others},
  journal={International Journal of Computer Vision},
  volume={115},
  number={3},
  pages={211--252},
  year={2015},
  publisher={Springer}
}

% datasets

% methods
@inproceedings{lin2015bilinear,
  title={Bilinear cnn models for fine-grained visual recognition},
  author={Lin, Tsung-Yu and RoyChowdhury, Aruni and Maji, Subhransu and Maji, Subhransu},
  booktitle={CVPR},
  pages={1449--1457},
  year={2015}
}

@inproceedings{krause2015fine,
  title={Fine-grained recognition without part annotations},
  author={Krause, Jonathan and {Jin Hailin} and {Yang Jianchao} and {Li Feifei}},
  booktitle={CVPR},
  pages={5546--5555},
  year={2015}
}

@inproceedings{krause2016unreasonable,
  title={The unreasonable effectiveness of noisy data for fine-grained recognition},
  author={Krause, Jonathan and Sapp, Benjamin and Howard, Andrew and Zhou, Howard and Toshev, Alexander and Duerig, Tom and Philbin, James and Fei-Fei, Li},
  booktitle={ECCV},
  pages={301--320},
  year={2016},
}

@inproceedings{cui2017kernel,
  title={Kernel Pooling for Convolutional Neural Networks.},
  author={{Cui Yin} and {Zhou Feng} and {Wang Jiang} and {Liu Xiao} and {Lin Yuanqing} and Belongie, Serge J},
  booktitle={CVPR},
  volume={1},
  number={2},
  pages={7},
  year={2017}
}

@inproceedings{zheng2017learning,
  title={Learning multi-attention convolutional neural network for fine-grained image recognition},
  author={{Zheng Heliang} and {Fu Jianlong} and {Mei Tao} and {Luo Jiebo}},
  booktitle={ICCV},
  volume={6},
  year={2017}
}

@inproceedings{cui2018large,
  title={Large Scale Fine-Grained Categorization and Domain-Specific Transfer Learning},
  author={{Cui Yin} and {Song Yang} and {Sun Chen} and Howard, Andrew and Belongie, Serge},
  booktitle={CVPR},
  pages={4109--4118},
  year={2018}
}

@inproceedings{gao2016compact,
  title={Compact bilinear pooling},
  author={{Gao Yang} and Beijbom, Oscar and {Zhang Ning} and Darrell, Trevor},
  booktitle={CVPR},
  pages={317--326},
  year={2016}
}
@inproceedings{lin2017improved,
title={Improved Bilinear Pooling with CNNs.},
author={Lin, Tsungyu and Maji, Subhransu},
booktitle={BMVC},
year={2017}
}

@inproceedings{kong2017low,
  title={Low-rank bilinear pooling for fine-grained classification},
  author={{Kong Shu} and Fowlkes, Charless},
  booktitle={CVPR},
  pages={7025--7034},
  year={2017},
}
% methods

%deep networks
@inproceedings{krizhevsky2012imagenet,
  title={Imagenet classification with deep convolutional neural networks},
  author={Krizhevsky, Alex and Sutskever, Ilya and Hinton, Geoffrey E},
  booktitle={NeurIPS},
  pages={1097--1105},
  year={2012}
}


@inproceedings{simonyan2014very,
title={Very Deep Convolutional Networks for Large-Scale Image Recognition},
author={Simonyan, Karen and Zisserman, Andrew},
booktitle={ICLR},
year={2015}}


@inproceedings{szegedy2015going,
  title={Going deeper with convolutions},
  author={Szegedy, Christian and {Liu Wei} and {Jia Yangqing} and Sermanet, Pierre and Reed, Scott and Anguelov, Dragomir and Erhan, Dumitru and Vanhoucke, Vincent and Rabinovich, Andrew},
  booktitle={CVPR},
  pages={1--9},
  year={2015}
}
%deep networks

% baseline

@inproceedings{he2016deep,
  title={Deep residual learning for image recognition},
  author={{He Kaiming} and {Zhang Xiangyu} and {Ren Shaoqing} and {Sun Jian}},
  booktitle={CVPR},
  pages={770--778},
  year={2016}
}

@inproceedings{long2015learning,
  title={Learning Transferable Features with Deep Adaptation Networks},
  author={{Long Mingsheng} and {Cao Yue} and {Wang Jianmin} and Jordan, Michael},
  booktitle={ICML},
  pages={97--105},
  year={2015}
}


@inproceedings{long2016deep,
  title={Deep transfer learning with joint adaptation networks},
  author={{Long Mingsheng} and {Zhu Han} and {Wang Jianmin} and Jordan, Michael I},
  booktitle={ICML},
  pages={2208--2217},
  year={2017},
}

@article{ganin2016domain,
  title={Domain-adversarial training of neural networks},
  author={Ganin, Yaroslav and Ustinova, Evgeniya and Ajakan, Hana and Germain, Pascal and Larochelle, Hugo and Laviolette, Fran{\c{c}}ois and Marchand, Mario and Lempitsky, Victor},
  journal={The Journal of Machine Learning Research},
  volume={17},
  number={1},
  pages={2096--2030},
  year={2016},
  publisher={JMLR. org}
}

@article{branson2014ignorant,
  title={The ignorant led by the blind: A hybrid human--machine vision system for fine-grained categorization},
  author={Branson, Steve and Van Horn, Grant and Wah, Catherine and Perona, Pietro and Belongie, Serge},
  journal={International Journal of Computer Vision},
  volume={108},
  number={1-2},
  pages={3--29},
  year={2014},
  publisher={Springer}
}

@inproceedings{zhang2014part,
  title={Part-based R-CNNs for fine-grained category detection},
  author={{Zhang Ning} and Donahue, Jeff and Girshick, Ross and Darrell, Trevor},
  booktitle={ECCV},
  pages={834--849},
  year={2014},
}

@article{branson2014bird,
  title={Bird species categorization using pose normalized deep convolutional nets},
  author={Branson, Steve and Van Horn, Grant and Belongie, Serge and Perona, Pietro},
  journal={arXiv preprint arXiv:1406.2952},
  year={2014}
}

@inproceedings{zhang2015fine,
  title={Fine-grained pose prediction, normalization, and recognition},
  author={{Zhang Ning} and Shelhamer, Evan and Gao, Yang and Darrell, Trevor},
  booktitle={CVPR},
  year={2015}
}

@inproceedings{vedaldi2014understanding,
  title={Understanding objects in detail with fine-grained attributes},
  author={Vedaldi, Andrea and Mahendran, Siddharth and Tsogkas, Stavros and Maji, Subhransu and Girshick, Ross and Kannala, Juho and Rahtu, Esa and Kokkinos, Iasonas and Blaschko, Matthew B and Weiss, David and others},
  booktitle={CVPR},
  pages={3622--3629},
  year={2014}
}

@inproceedings{Feifei2017fine,
  title={Fine-grained recognition in the wild: A multi-task domain adaptation approach},
  author={Gebru, Timnit and Hoffman, Judy and {Li Feifei}},
  booktitle={ICCV},
  pages={1358--1367},
  year={2017},
}
% Additional annotation information

%semi supervised
@inproceedings{tzeng2015simultaneous,
  title={Simultaneous deep transfer across domains and tasks},
  author={Tzeng, Eric and Hoffman, Judy and Darrell, Trevor and Saenko, Kate},
  booktitle={ICCV},
  pages={4068--4076},
  year={2015}
}
%semi supervised

% web data
@article{xu2018webly,
  title={Webly-supervised fine-grained visual categorization via deep domain adaptation},
  author={{Xu Zhe} and {Huang Shaoli} and {Zhang Ya} and {Tao Dacheng}},
  journal={IEEE Transactions on Pattern Analysis and Machine Intelligence},
  volume={40},
  number={5},
  pages={1100--1113},
  year={2018},
  publisher={IEEE}
}

% web data

% human in the loop
@inproceedings{branson2010visual,
  title={Visual recognition with humans in the loop},
  author={Branson, Steve and Wah, Catherine and Schroff, Florian and Babenko, Boris and Welinder, Peter and Perona, Pietro and Belongie, Serge},
  booktitle={ECCV},
  pages={438--451},
  year={2010},
}

@inproceedings{wah2011multiclass,
  title={Multiclass recognition and part localization with humans in the loop},
  author={Wah, Catherine and Branson, Steve and Perona, Pietro and Belongie, Serge},
  booktitle={ICCV},
  pages={2524--2531},
  year={2011},
}
@inproceedings{wah2014similarity,
  title={Similarity comparisons for interactive fine-grained categorization},
  author={Wah, Catherine and Van Horn, Grant and Branson, Steve and Maji, Subhransu and Perona, Pietro and Belongie, Serge},
  booktitle={CVPR},
  pages={859--866},
  year={2014}
}
% human in the loop


%survey
@article{pan2010survey,
  title={A survey on transfer learning},
  author={Pan, Sinno Jialin and Yang, Qiang},
  journal={IEEE Transactions on Knowledge and Data Engineering},
  volume={22},
  number={10},
  pages={1345--1359},
  year={2010},
  publisher={Institute of Electrical and Electronics Engineers, Inc., 345 E. 47 th St. NY NY 10017-2394 USA}
}
%survey


%transfer
@article{tzeng2014deep,
  title={Deep domain confusion: Maximizing for domain invariance},
  author={Tzeng, Eric and Hoffman, Judy and Zhang, Ning and Saenko, Kate and Darrell, Trevor},
  journal={arXiv preprint arXiv:1412.3474},
  year={2014}
}

@inproceedings{long2016unsupervised,
  title={Unsupervised domain adaptation with residual transfer networks},
  author={{Long Mingsheng} and {Zhu Han} and {Wang Jianmin} and Jordan, Michael I},
  booktitle={NeurIPS},
  pages={136--144},
  year={2016}
}

%transfer
%office 31
@inproceedings{saenko2010adapting,
  title={Adapting visual category models to new domains},
  author={Saenko, Kate and Kulis, Brian and Fritz, Mario and Darrell, Trevor},
  booktitle={ECCV},
  pages={213--226},
  year={2010},
}
% office 31

%CGAN
@article{mirza2014conditional,
  title={Conditional generative adversarial nets},
  author={Mirza, Mehdi and Osindero, Simon},
  journal={arXiv preprint arXiv:1411.1784},
  year={2014}
}

@inproceedings{saito2017temporal,
  title={Temporal generative adversarial nets with singular value clipping},
  author={Saito, Masaki and Matsumoto, Eiichi and Saito, Shunta},
  booktitle={ICCV},
  volume={2},
  number={3},
  pages={5},
  year={2017}
}

@inproceedings{isola2017image,
title={Image-to-Image Translation with Conditional Adversarial Networks},
author={Isola, Phillip and Zhu, Junyan and Zhou, Tinghui and Efros, Alexei A},
booktitle={CVPR},
pages={5967--5976},
year={2017}}


@inproceedings{odena2016conditional,
  title={Conditional image synthesis with auxiliary classifier gans},
  author={Odena, Augustus and Olah, Christopher and Shlens, Jonathon},
  booktitle={ICML},
  pages={2642--2651},
  year={2017},
}


%CGAN

%Tensor Sketch
@inproceedings{pham2013fast,
  title={Fast and scalable polynomial kernels via explicit feature maps},
  author={Pham, Ninh and Pagh, Rasmus},
  booktitle={KDD},
  pages={239--247},
  year={2013},
}
%Tensor Sketch

%da_distance

@inproceedings{mansour2009domain,
  title={Domain adaptation: Learning bounds and algorithms},
  author={Mansour, Yishay and Mohri, Mehryar and Rostamizadeh, Afshin},
  booktitle={COLT},
  year={2009}
}

%da_distance

@article{durrett2017identifying,
  title={Identifying products in online cybercrime marketplaces: A dataset for fine-grained domain adaptation},
  author={Durrett, Greg and Kummerfeld, Jonathan K and Berg-Kirkpatrick, Taylor and Portnoff, Rebecca S and Afroz, Sadia and McCoy, Damon and Levchenko, Kirill and Paxson, Vern},
  journal={arXiv preprint arXiv:1708.09609},
  year={2017}
}


@InProceedings{PFAN_2019_CVPR,
author = {{Chen Chaoqi} and {Xie Weiping} and {Huang Wenbing} and {Rong Yu} and {Ding Xinghao} and {Huang Yue} and {Xu Tingyang} and {Huang Junzhou}},
title = {Progressive Feature Alignment for Unsupervised Domain Adaptation},
booktitle = {CVPR},
year = {2019}
}

@InProceedings{PeiMulti,
  title={Multi-Adversarial Domain Adaptation},
  author={{Pei Zhongyi} and {Cao Zhangjie} and {Long Mingsheng} and {Wang Jianmin}},
  booktitle = {AAAI},
  year = {2018}
}

@InProceedings{chen2019transferability,
title={Transferability vs. Discriminability: Batch Spectral Penalization for Adversarial Domain Adaptation},
author={{Chen Xinyang} and {Wang Sinan} and {Long Mingsheng} and {Wang Jianmin}},
booktitle = {ICML},
year={2019}
}

@InProceedings{xu2018larger,
title={Larger Norm More Transferable: An Adaptive Feature Norm Approach for Unsupervised Domain Adaptation.},
author={{Xu Ruijia} and {Li Guanbin} and {Yang Jihan} and {Lin Liang}},
booktitle={ICCV},
year={2019}
}

@inproceedings{bengio2009curriculum,
  title={Curriculum learning},
  author={Bengio, Yoshua and Louradour, J{\'e}r{\^o}me and Collobert, Ronan and Weston, Jason},
  booktitle={ICML},
  pages={41--48},
  year={2009}
}

@inproceedings{jia2014caffe,
  title={Caffe: Convolutional architecture for fast feature embedding},
  author={{Jia Yangqing} and Shelhamer, Evan and Donahue, Jeff and Karayev, Sergey and Long, Jonathan and Girshick, Ross and Guadarrama, Sergio and Darrell, Trevor},
  booktitle={MMM},
  pages={675--678},
  year={2014}
}

@inproceedings{abadi2016tensorflow,
  title={Tensorflow: A system for large-scale machine learning},
  author={Abadi, Martin and Barham, Paul and Chen, Jianmin and Chen, Zhifeng and Davis, Andy and Dean, Jeffrey and Devin, Matthieu and Ghemawat, Sanjay and Irving, Geoffrey and Isard, Michael and others},
  booktitle={12th $\{$USENIX$\}$ Symposium on Operating Systems Design and Implementation ($\{$OSDI$\}$ 16)},
  pages={265--283},
  year={2016}
}

@article{chen2015mxnet,
  title={Mxnet: A flexible and efficient machine learning library for heterogeneous distributed systems},
  author={{Chen Tianqi} and {Li Mu} and {Li Yutian} and {Lin Min} and {Wang Naiyan} and {Wang Minjie} and {Xiao Tianjun} and {Xu Bing} and {Zhang Chiyuan} and {Zhang Zheng}},
  journal={arXiv preprint arXiv:1512.01274},
  year={2015}
}

@inproceedings{paszke2019pytorch,
  title={PyTorch: An imperative style, high-performance deep learning library},
  author={Paszke, Adam and Gross, Sam and Massa, Francisco and Lerer, Adam and Bradbury, James and Chanan, Gregory and Killeen, Trevor and Lin, Zeming and Gimelshein, Natalia and Antiga, Luca and others},
  booktitle={NeurIPS},
  pages={8024--8035},
  year={2019}
}



@InProceedings{cao2018partial,
title={Partial Transfer Learning with Selective Adversarial Networks},
author={{Cao Zhangjie} and {Long Mingsheng} and {Wang Jianmin} and Jordan, Michael I},
booktitle = {CVPR},
pages={2724--2732},
year={2018}}


@article{saenko2010adapting,
title={Adapting visual category models to new domains},
author={Saenko, Kate and Kulis, Brian and Fritz, Mario and Darrell, Trevor},
pages={213--226},
year={2010}}



@InProceedings{wangprogressive,
  title={Progressive Adversarial Networks for Fine-Grained Domain Adaptation},
  author={{Wang Sinan} and {Chen Xinyang} and {Wang Yunbo} and {Long Mingsheng} and Wang, Jianmin},
  booktitle = {CVPR},
  year={2020}
}







